<record><leader>00000cas a22000007a 4500</leader><controlfield tag="001">14921871</controlfield><controlfield tag="008">861204d18921894iauwr ne      0    0eng d</controlfield><datafield ind1=" " ind2=" " tag="010"><subfield code="a">sn 86061197 </subfield></datafield><datafield ind1=" " ind2=" " tag="040"><subfield code="a">INP</subfield><subfield code="b">eng</subfield><subfield code="c">INP</subfield><subfield code="d">OCLCQ</subfield></datafield><datafield ind1=" " ind2=" " tag="042"><subfield code="a">msc</subfield></datafield><datafield ind1="0" ind2=" " tag="130"><subfield code="a">Democrat (Corydon, Iowa)</subfield></datafield><datafield ind1="1" ind2="0" tag="245"><subfield code="a">Democrat.</subfield></datafield><datafield ind1="1" ind2="3" tag="246"><subfield code="a">Corydon Democrat</subfield></datafield><datafield ind1=" " ind2=" " tag="260"><subfield code="a">Corydon, Wayne County, Iowa :</subfield><subfield code="b">[J. Stirling, Jr.],</subfield><subfield code="c">-1894.</subfield></datafield><datafield ind1=" " ind2=" " tag="300"><subfield code="a">v. :</subfield><subfield code="b">ill.</subfield></datafield><datafield ind1=" " ind2=" " tag="310"><subfield code="a">Weekly</subfield></datafield><datafield ind1="1" ind2=" " tag="362"><subfield code="a">Began on May 5 or May 12, 1892.</subfield></datafield><datafield ind1="0" ind2=" " tag="362"><subfield code="a">-v. 16, no. 1 (May 3, 1894).</subfield></datafield><datafield ind1=" " ind2=" " tag="588"><subfield code="a">Description based on: May 12, 1892.</subfield></datafield><datafield ind1=" " ind2=" " tag="752"><subfield code="a">United States</subfield><subfield code="b">Iowa</subfield><subfield code="c">Wayne</subfield><subfield code="d">Corydon.</subfield></datafield><datafield ind1="0" ind2="0" tag="780"><subfield code="t">Corydon Democrat</subfield><subfield code="w">(DLC)sn 86061196</subfield></datafield><datafield ind1="0" ind2="0" tag="785"><subfield code="t">Wayne County Democrat (Corydon, Iowa : 1894)</subfield><subfield code="w">(DLC)sn 86061198</subfield></datafield></record>